@article{sanders1996,
    author = {Sanders, Daniel P.},
    title = {On Linear Recognition of Tree-Width at Most Four},
    year = {1996},
    issue_date = {Feb. 1996},
    publisher = {Society for Industrial and Applied Mathematics},
    address = {USA},
    volume = {9},
    number = {1},
    issn = {0895-4801},
    doi = {10.1137/S0895480193243043},
    journal = {SIAM Journal on Discrete Mathematics},
    month = {02},
    pages = {101–117},
    numpages = {17},
}

@article{robertson2004wagners,
    title={Graph Minors. XX. Wagner's conjecture},
    author={Neil Robertson and Paul D. Seymour},
    journal={Journal of Combinatorial Theory},
    volume={92},
    number={2},
    pages={325--357},
    year={2004},
    doi={10.1016/j.jctb.2004.08.001}
}

@inproceedings{gogate2004,
    author = {Gogate, Vibhav and Dechter, Rina},
    title = {A Complete Anytime Algorithm for Treewidth},
    year = {2004},
    isbn = {0974903906},
    publisher = {AUAI Press},
    address = {Arlington, Virginia, USA},
    booktitle = {Proceedings of the 20th Conference on Uncertainty in Artificial Intelligence},
    pages = {201–208},
    numpages = {8},
    location = {Banff, Canada},
    series = {UAI '04},
    doi={10.5555/1036843.1036868}
}

@InProceedings{bodlaender1988,
    author="Bodlaender, Hans L.",
    editor="Lepist{\"o}, Timo
    and Salomaa, Arto",
    title="Dynamic programming on graphs with bounded treewidth",
    booktitle="Automata, Languages and Programming",
    year="1988",
    publisher="Springer Berlin Heidelberg",
    address="Berlin, Heidelberg",
    pages="105--118",
    isbn="978-3-540-39291-0",
    doi={10.1007/3-540-19488-6_110},
}

@article{aarnborg1990,
    title = {Forbidden minors characterization of partial 3-trees},
    journal = {Discrete Mathematics},
    volume = {80},
    number = {1},
    pages = {1-19},
    year = {1990},
    issn = {0012-365X},
    doi = {10.1016/0012-365X(90)90292-P},
    url = {https://www.sciencedirect.com/science/article/pii/0012365X9090292P},
    author = {Stefan Arnborg and Andrzej Proskurowski and Derek G. Corneil},
}

@misc{khakhalin2020,
    author       = {Arseny Khakhalin},
    title        = {Draw all graphs of N nodes},
    howpublished = {Matplotblog},
    year         = {2020},
    url          = {https://matplotlib.org/matplotblog/posts/draw-all-graphs-of-n-nodes/},
    note         = {[Accessed: April 5th, 2023]}
}

@inproceedings{dow2007,
  author       = {P. Alex Dow and
                  Richard E. Korf},
  title        = {Best-First Search for Treewidth},
  booktitle    = {Proceedings of the Twenty-Second {AAAI} Conference on Artificial Intelligence,
                  July 22-26, 2007, Vancouver, British Columbia, Canada},
  pages        = {1146--1151},
  publisher    = {{AAAI} Press},
  year         = {2007},
  url          = {http://www.aaai.org/Library/AAAI/2007/aaai07-182.php},
}

@misc{oeisA001349,
    author       = {N. J. A. Sloane},
    title        = {A001349: Number of connected graphs with n nodes.},
    howpublished = {The On-Line Encyclopedia of Integer Sequences},
    year         = {1964},
    url          = {https://oeis.org/A001349},
    note         = {[Accessed: March 10th, 2023. Last modified on April 8th, 2014.]}
}

@InProceedings{foggia2001,
    author="Foggia, Pasquale and Sansone, Carlo and Vento, Mario",
    title="An Improved Algorithm for Matching Large Graphs",
    year="2001",
    month="01",
    publisher="Proc of the 3rd IAPR-TC-15 International Workshop on Graph-based Representation",
}

@article{seti2002,
    title={ SETI@home: an experiment in public-resource computing },
    authors={ Dustin Anderson and Jeff Cobb and Eric J. Korpela and Matt Lebofsky and Dan Werthimer },        
    journal={ Communications of The ACM },
    year={ 2002 },
    publisher={ ACM },
    volume={ 45 },
    pages={ 56-61 },
    number={ 11 },     
    doi={ 10.1145/581571.581573 },  
}